@article{Howell,
      author         = "Howell, E. J. and Ackley, K. and Rowlinson, A. and
                        Coward, D.",
      title          = "{Joint gravitational wave -- gamma-ray burst detection
                        rates in the aftermath of GW170817}",
      year           = "2018",
      doi            = "10.1093/mnras/stz455",
      eprint         = "1811.09168",
      archivePrefix  = "arXiv",
      primaryClass   = "astro-ph.HE",
      SLACcitation   = "%%CITATION = ARXIV:1811.09168;%%"
}
@article{wanderman,
    author = {Wanderman, David and Piran, Tsvi},
    title = "{The rate, luminosity function and time delay of non-Collapsar short GRBs}",
    journal = {Monthly Notices of the Royal Astronomical Society},
    volume = {448},
    number = {4},
    pages = {3026-3037},
    year = {2015},
    month = {03},
    issn = {0035-8711},
    doi = {10.1093/mnras/stv123},
    url = {https://doi.org/10.1093/mnras/stv123},
    eprint = {http://oup.prod.sis.lan/mnras/article-pdf/448/4/3026/2810182/stv123.pdf}
}


@article{o1grb,
	doi = {10.3847/1538-4357/aa6c47},
	url = {https://doi.org/10.3847%2F1538-4357%2Faa6c47},
	year = 2017,
	month = {may},
	publisher = {American Astronomical Society},
	volume = {841},
	number = {2},
	pages = {89},
	author = {B. P. Abbott et al},
	title = {Search for Gravitational Waves Associated with Gamma-Ray Bursts during the First Advanced {LIGO} Observing Run and Implications for the Origin of {GRB} 150906B},
	journal = {The Astrophysical Journal}
}
@article{abadie,
      author         = "Abadie, J. and others",
      title          = "{Search for gravitational waves associated with gamma-ray
                        bursts during LIGO science run 6 and Virgo science runs 2
                        and 3}",
      collaboration  = "LIGO Scientific",
      journal        = "Astrophys. J.",
      volume         = "760",
      year           = "2012",
      pages          = "12",
      doi            = "10.1088/0004-637X/760/1/12",
      eprint         = "1205.2216",
      archivePrefix  = "arXiv",
      primaryClass   = "astro-ph.HE",
      reportNumber   = "LIGO-P1000121",
      SLACcitation   = "%%CITATION = ARXIV:1205.2216;%%"
}

@article{Veitch:2008ur,
      author         = "Veitch, John and Vecchio, Alberto",
      title          = "{A Bayesian approach to the follow-up of candidate
                        gravitational wave signals}",
      journal        = "Phys. Rev.",
      volume         = "D78",
      year           = "2008",
      pages          = "022001",
      doi            = "10.1103/PhysRevD.78.022001",
      eprint         = "0801.4313",
      archivePrefix  = "arXiv",
      primaryClass   = "gr-qc",
      reportNumber   = "LIGO-P080005-00-Z",
      SLACcitation   = "%%CITATION = ARXIV:0801.4313;%%"
}

@article{GW170817_GRB,
	doi = {10.3847/2041-8213/aa920c},
	url = {https://doi.org/10.3847%2F2041-8213%2Faa920c},
	year = 2017,
	month = {oct},
	publisher = {American Astronomical Society},
	volume = {848},
	number = {2},
	pages = {L13},
	author = {LIGO Scientific Collaboration and Virgo Collaboration, Fermi Gamma-ray Burst Monitor, and INTEGRAL},
	title = {Gravitational Waves and Gamma-Rays from a Binary Neutron Star Merger: {GW}170817 and {GRB} 170817A},
	journal = {The Astrophysical Journal}
}
@article{GW170817_det,
  title = {GW170817: Observation of Gravitational Waves from a Binary Neutron Star Inspiral},
  author = {Abbott, B. P. et al.},
  collaboration = {LIGO Scientific Collaboration and Virgo Collaboration},
  journal = {Phys. Rev. Lett.},
  volume = {119},
  issue = {16},
  pages = {161101},
  numpages = {18},
  year = {2017},
  month = {Oct},
  publisher = {American Physical Society},
  doi = {10.1103/PhysRevLett.119.161101},
  url = {https://link.aps.org/doi/10.1103/PhysRevLett.119.161101}
}

@article{o2grb,
      author         = "Carotenuto, Francesco and Krishnan, Badri",
      title          = "{Search for gravitational-wave signals associated with
                        gamma-ray bursts during the second observing run of
                        Advanced LIGO and Advanced Virgo}",
      collaboration  = "LIGO Scientific, Virgo",
      year           = "2019",
      eprint         = "1907.01443",
      archivePrefix  = "arXiv",
      primaryClass   = "astro-ph.HE",
      reportNumber   = "LIGO-P1900034",
      SLACcitation   = "%%CITATION = ARXIV:1907.01443;%%"
}

@article{ozel_2010,
	doi = {10.1088/0004-637x/725/2/1918},
	url = {https://doi.org/10.1088%2F0004-637x%2F725%2F2%2F1918},
	year = 2010,
	month = {dec},
	publisher = {{IOP} Publishing},
	volume = {725},
	number = {2},
	pages = {1918--1927},
	author = {Feryal Özel and Dimitrios Psaltis and Ramesh Narayan and Jeffrey E. McClintock},
	title = {{THE} {BLACK} {HOLE} {MASS} {DISTRIBUTION} {IN} {THE} {GALAXY}},
	journal = {The Astrophysical Journal}
}
@article{Lazzati_afterglow,
      author         = "Lazzati, Davide and Perna, Rosalba and Morsony, Brian J.
                        and López-Cámara, Diego and Cantiello, Matteo and
                        Ciolfi, Riccardo and Giacomazzo, Bruno and Workman, Jared
                        C.",
      title          = "{Late time afterglow observations reveal a collimated
                        relativistic jet in the ejecta of the binary neutron star
                        merger GW170817}",
      journal        = "Phys. Rev. Lett.",
      volume         = "120",
      year           = "2018",
      number         = "24",
      pages          = "241103",
      doi            = "10.1103/PhysRevLett.120.241103",
      eprint         = "1712.03237",
      archivePrefix  = "arXiv",
      primaryClass   = "astro-ph.HE",
      SLACcitation   = "%%CITATION = ARXIV:1712.03237;%%"
}

@article {Hessels1901,
	author = {Hessels, Jason W. T. and Ransom, Scott M. and Stairs, Ingrid H. and Freire, Paulo C. C. and Kaspi, Victoria M. and Camilo, Fernando},
	title = {A Radio Pulsar Spinning at 716 Hz},
	volume = {311},
	number = {5769},
	pages = {1901--1904},
	year = {2006},
	doi = {10.1126/science.1123430},
	publisher = {American Association for the Advancement of Science},
	issn = {0036-8075},
	URL = {https://science.sciencemag.org/content/311/5769/1901},
	eprint = {https://science.sciencemag.org/content/311/5769/1901.full.pdf},
	journal = {Science}
}
@book{cheng2005relativity,
  title={Relativity, Gravitation and Cosmology: A Basic Introduction},
  author={Cheng, T.P.},
  isbn={9780198529576},
  lccn={2004019733},
  series={Oxford Master Series in Physics},
  url={https://books.google.co.uk/books?id=zsAiTl5hTLMC},
  year={2005},
  publisher={OUP Oxford}
}

@book{saulson1994fundamentals,
  title={Fundamentals of Interferometric Gravitational Wave Detectors},
  author={Saulson, P.R.},
  isbn={9789814501903},
  url={https://books.google.co.uk/books?id=F87sCgAAQBAJ},
  year={1994},
  publisher={World Scientific}
}


@article{lrr-2009-2,
  title={Physics, Astrophysics and Cosmology with Gravitational Waves},
  author={B.S. Sathyaprakash and B.F. Schutz},
  journal={Living Reviews in Relativity},
  year={2009},
  number={2},
  volume={12},
  keywords={Gravitational wave sources, Gravitational waves, Data analysis, Gravitational wave detectors},
  doi={10.1007/lrr-2009-2},
  url={http://www.livingreviews.org/lrr-2009-2}
}

@misc{ifo_tech,
  title = {Interferometer Techniques for Gravitational-Wave Detection}, 
  author = {C. Bond and D. Brown and A. Freise and K. Strain},
  year = {2009},
  doi = {http://dx.doi.org/10.12942/lrr-2010-1},
  note = {https://arxiv.org/abs/0909.3661v3}
}

@article{xpipeline,
  author={P. Sutton and G. Jones and S. Chatterji and P. Kalmus and I. Leonor and S. Poprocki and J.
Rollins and A. Searle and L. Stein and M. Tinto and M. Was},
  title={X-Pipeline: an analysis package for autonomous gravitational-wave burst searches},
  journal={New Journal of Physics},
  volume={12},
  number={5},
  pages={053034},
  note={http://stacks.iop.org/1367-2630/12/i=5/a=053034},
  year={2010},
}
	
@article{noise_budget_martynov,
  title = {Sensitivity of the Advanced LIGO detectors at the beginning of gravitational wave astronomy},
  author = {Martynov, D. V. et al},
  journal = {Phys. Rev. D},
  volume = {93},
  issue = {11},
  pages = {112004},
  numpages = {19},
  year = {2016},
  month = {Jun},
  publisher = {American Physical Society},
  doi = {10.1103/PhysRevD.93.112004},
  url = {https://link.aps.org/doi/10.1103/PhysRevD.93.112004}
}

@article{GW150914-detector,
  title = {GW150914: The Advanced LIGO Detectors in the Era of First Discoveries},
  author = {Abbott, B. P. et al},
  collaboration = {LIGO Scientific Collaboration and Virgo Collaboration},
  journal = {Phys. Rev. Lett.},
  volume = {116},
  issue = {13},
  pages = {131103},
  numpages = {12},
  year = {2016},
  month = {Mar},
  publisher = {American Physical Society},
  doi = {10.1103/PhysRevLett.116.131103},
  url = {https://link.aps.org/doi/10.1103/PhysRevLett.116.131103}
}

@article{GRBprompt,
      author         = "Pe'er, Asaf",
      title          = "{Physics of Gamma-Ray Bursts Prompt Emission}",
      journal        = "Adv. Astron.",
      volume         = "2015",
      year           = "2015",
      pages          = "907321",
      doi            = "10.1155/2015/907321",
      eprint         = "1504.02626",
      archivePrefix  = "arXiv",
      primaryClass   = "astro-ph.HE",
      SLACcitation   = "%%CITATION = ARXIV:1504.02626;%%"
}

@misc{BATSE_dist,
  author = "NASA",
  title = {The Burst And Transient Source Experiment},
  howpublished = {\url{https://heasarc.gsfc.nasa.gov/docs/cgro/batse/}},
  note = {Accessed: 2019-07-18}
}

@article{mckechan-thesis,
      author = "Dave McKechan",
      title = "On the use of higher order waveforms in the search for gravitational waves emitted by compact binary coalescences",
      journal = "PhD thesis, Cardiff University",
      year = "2010"
}


@article{150914-det-paper,
  title = {Observation of Gravitational Waves from a Binary Black Hole Merger},
  author = {Abbott, B. P. et all},
  collaboration = {LIGO Scientific Collaboration and Virgo Collaboration},
  journal = {Phys. Rev. Lett.},
  volume = {116},
  issue = {6},
  pages = {061102},
  numpages = {16},
  year = {2016},
  month = {Feb},
  publisher = {American Physical Society},
  doi = {10.1103/PhysRevLett.116.061102},
  url = {https://link.aps.org/doi/10.1103/PhysRevLett.116.061102}
}

@Book{zee-einstein,
 author = {Zee, A},
 title = {Einstein gravity in a nutshell},
 publisher = {Princeton University Press},
 year = {2013},
 address = {Princeton},
 isbn = {978-0691145587}
 }

@Book{carroll-spacetime,
 author = {Carroll, Sean},
 title = {Spacetime and geometry : an introduction to general relativity},
 publisher = {Pearson},
 year = {2014},
 address = {Harlow, Essex},
 isbn = {978-1292026633}
 }

@article{pygrb_harry,
  title = {Targeted coherent search for gravitational waves from compact binary coalescences},
  author = {Harry, I. W. and Fairhurst, S.},
  journal = {Phys. Rev. D},
  volume = {83},
  issue = {8},
  pages = {084002},
  numpages = {21},
  year = {2011},
  month = {Apr},
  publisher = {American Physical Society},
  doi = {10.1103/PhysRevD.83.084002},
  url = {https://link.aps.org/doi/10.1103/PhysRevD.83.084002}
}

@article{Cornish_2007,
	doi = {10.1088/0264-9381/24/23/001},
	url = {https://doi.org/10.1088%2F0264-9381%2F24%2F23%2F001},
	year = 2007,
	month = {nov},
	publisher = {{IOP} Publishing},
	volume = {24},
	number = {23},
	pages = {5729--5755},
	author = {Neil J Cornish and Edward K Porter},
	title = {The search for massive black hole binaries with {LISA}},
	journal = {Classical and Quantum Gravity},
}

@article{pycbc_Allen:2005,
      author         = "Allen, Bruce and Anderson, Warren G. and Brady, Patrick
                        R. and Brown, Duncan A. and Creighton, Jolien D. E.",
      title          = "{FINDCHIRP: An Algorithm for detection of gravitational
                        waves from inspiraling compact binaries}",
      journal        = "Phys. Rev.",
      volume         = "D85",
      year           = "2012",
      pages          = "122006",
      doi            = "10.1103/PhysRevD.85.122006",
      eprint         = "gr-qc/0509116",
      archivePrefix  = "arXiv",
      primaryClass   = "gr-qc",
      SLACcitation   = "%%CITATION = GR-QC/0509116;%%"
}

@article{pycbc_Allen:2004,
      author         = "Allen, Bruce",
      title          = "{${\chi}^{2}$ time-frequency discriminator for
                        gravitational wave detection}",
      journal        = "Phys. Rev.",
      volume         = "D71",
      year           = "2005",
      pages          = "062001",
      doi            = "10.1103/PhysRevD.71.062001",
      eprint         = "gr-qc/0405045",
      archivePrefix  = "arXiv",
      primaryClass   = "gr-qc",
      SLACcitation   = "%%CITATION = GR-QC/0405045;%%"
}

@article{pycbc_Nitz:2017,
      author         = "Nitz, Alexander H. and Dent, Thomas and Dal Canton, Tito
                        and Fairhurst, Stephen and Brown, Duncan A.",
      title          = "{Detecting binary compact-object mergers with
                        gravitational waves: Understanding and Improving the
                        sensitivity of the PyCBC search}",
      journal        = "Astrophys. J.",
      volume         = "849",
      year           = "2017",
      number         = "2",
      pages          = "118",
      doi            = "10.3847/1538-4357/aa8f50",
      eprint         = "1705.01513",
      archivePrefix  = "arXiv",
      primaryClass   = "gr-qc",
      reportNumber   = "LIGO-P1700088-V4",
      SLACcitation   = "%%CITATION = ARXIV:1705.01513;%%"
}

@article{pycbc_Canton:2014,
      author         = "Dal Canton, Tito and others",
      title          = "{Implementing a search for aligned-spin neutron
                        star-black hole systems with advanced ground based
                        gravitational wave detectors}",
      journal        = "Phys. Rev.",
      volume         = "D90",
      year           = "2014",
      number         = "8",
      pages          = "082004",
      doi            = "10.1103/PhysRevD.90.082004",
      eprint         = "1405.6731",
      archivePrefix  = "arXiv",
      primaryClass   = "gr-qc",
      reportNumber   = "LIGO-P1400053",
      SLACcitation   = "%%CITATION = ARXIV:1405.6731;%%"
}

@article{pycbc_Usman:2015,
      author         = "Usman, Samantha A. and others",
      title          = "{The PyCBC search for gravitational waves from compact
                        binary coalescence}",
      journal        = "Class. Quant. Grav.",
      volume         = "33",
      year           = "2016",
      number         = "21",
      pages          = "215004",
      doi            = "10.1088/0264-9381/33/21/215004",
      eprint         = "1508.02357",
      archivePrefix  = "arXiv",
      primaryClass   = "gr-qc",
      reportNumber   = "LIGO-P1500086",
      SLACcitation   = "%%CITATION = ARXIV:1508.02357;%%"
}

@article{gstlal_Sachdev:2019,
      author         = "Sachdev, Surabhi and others",
      title          = "{The GstLAL Search Analysis Methods for Compact Binary Mergers in Advanced LIGO's Second and Advanced Virgo's First Observing Runs}",
      year           = "2019",
      eprint         = "1901.08580",
      archivePrefix  = "arXiv",
      primaryClass   = "gr-qc",
      SLACcitation   = "%%CITATION = ARXIV:1901.08580;%%"
}

@article{gstlal_messick,
  title = {Analysis framework for the prompt discovery of compact binary mergers in gravitational-wave data},
  author = {Messick, Cody et al.},
  journal = {Phys. Rev. D},
  volume = {95},
  issue = {4},
  pages = {042001},
  numpages = {15},
  year = {2017},
  month = {Feb},
  publisher = {American Physical Society},
  doi = {10.1103/PhysRevD.95.042001},
  url = {https://link.aps.org/doi/10.1103/PhysRevD.95.042001}
}

@article{phenom_Khan:2015,
      author         = "Khan, Sebastian and Husa, Sascha and Hannam, Mark and Ohme, Frank and Pürrer, Michael and Jiménez Forteza, Xisco and Bohé, Alejandro",
      title          = "{Frequency-domain gravitational waves from nonprecessing black-hole binaries. II. A phenomenological model for the advanced detector era}",
      journal        = "Phys. Rev.",
      volume         = "D93",
      year           = "2016",
      number         = "4",
      pages          = "044007",
      doi            = "10.1103/PhysRevD.93.044007",
      eprint         = "1508.07253",
      archivePrefix  = "arXiv",
      primaryClass   = "gr-qc",
      SLACcitation   = "%%CITATION = ARXIV:1508.07253;%%"
}

@article{pygrb_Williamson:2014,
      author         = "Williamson, A. R. and Biwer, C. and Fairhurst, S. and Harry, I. W. and Macdonald, E. and Macleod, D. and Predoi, V.",
      title          = "{Improved methods for detecting gravitational waves associated with short gamma-ray bursts}",
      journal        = "Phys. Rev.",
      volume         = "D90",
      year           = "2014",
      number         = "12",
      pages          = "122004",
      doi            = "10.1103/PhysRevD.90.122004",
      eprint         = "1410.6042",
      archivePrefix  = "arXiv",
      primaryClass   = "gr-qc",
      reportNumber   = "LIGO-P1400044",
      SLACcitation   = "%%CITATION = ARXIV:1410.6042;%%"
}


@article{hanna-thesis,
      author = "Chad Hanna",
      title = "Searching for Gravitational Waves from Binary Systems in Non-Stationary Data ",
      journal = "PhD thesis, Louisiana State University",
      year = "2008"
}

@article{allen_chisq,
  title = {${\ensuremath{\chi}}^{2}$ time-frequency discriminator for gravitational wave detection},
  author = {Allen, Bruce},
  journal = {Phys. Rev. D},
  volume = {71},
  issue = {6},
  pages = {062001},
  numpages = {22},
  year = {2005},
  month = {Mar},
  publisher = {American Physical Society},
  doi = {10.1103/PhysRevD.71.062001},
  url = {https://link.aps.org/doi/10.1103/PhysRevD.71.062001}
}


@article{Was_2010,
	doi = {10.1088/0264-9381/27/19/194014},
	url = {https://doi.org/10.1088%2F0264-9381%2F27%2F19%2F194014},
	year = 2010,
	month = {sep},
	publisher = {{IOP} Publishing},
	volume = {27},
	number = {19},
	pages = {194014},
	author = {Michal Was and Marie-Anne Bizouard and Violette Brisson and Fabien Cavalier and Michel Davier and Patrice Hello and Nicolas Leroy and Florent Robinet and Miltiadis Vavoulidis},
	title = {Limitations of the time slide method of background estimation},
	journal = {Classical and Quantum Gravity}
}
@article{Was_2009,
	doi = {10.1088/0264-9381/27/1/015005},
	url = {https://doi.org/10.1088%2F0264-9381%2F27%2F1%2F015005},
	year = 2009,
	month = {dec},
	publisher = {{IOP} Publishing},
	volume = {27},
	number = {1},
	pages = {015005},
	author = {Michal Was and Marie-Anne Bizouard and Violette Brisson and Fabien Cavalier and Michel Davier and Patrice Hello and Nicolas Leroy and Florent Robinet and Miltiadis Vavoulidis},
	title = {On the background estimation by time slides in a network of gravitational wave detectors},
	journal = {Classical and Quantum Gravity}
}

@Article{swift_loc,
author="Barthelmy, Scott D. et al.",
title="The Burst Alert Telescope (BAT) on the SWIFT Midex Mission",
journal="Space Science Reviews",
year="2005",
month="Oct",
day="01",
volume="120",
number="3",
pages="143--164",
issn="1572-9672",
doi="10.1007/s11214-005-5096-3",
url="https://doi.org/10.1007/s11214-005-5096-3"
}

@article{fermi_loc,
	doi = {10.1088/0004-637x/702/1/791},
	url = {https://doi.org/10.1088%2F0004-637x%2F702%2F1%2F791},
	year = 2009,
	month = {aug},
	publisher = {{IOP} Publishing},
	volume = {702},
	number = {1},
	pages = {791--804},
	author = {Charles Meegan et al.},
	title = {{The Fermi Gamma}-{Ray} {Burst} {Monitor}},
	journal = {The Astrophysical Journal}
}
@Article{gw_loc,
author="Abbott, B. P.
and {The LIGO Scientific Collaboration}
and {Virgo Collaboration}",
title="Prospects for Observing and Localizing Gravitational-Wave Transients with Advanced LIGO and Advanced Virgo",
journal="Living Reviews in Relativity",
year="2016",
month="Feb",
day="08",
volume="19",
number="1",
pages="1",
issn="1433-8351",
doi="10.1007/lrr-2016-1",
url="https://doi.org/10.1007/lrr-2016-1"
}

@article{was_sky_grid,
author = {Was, M and Sutton, P and Jones, Gareth and Leonor, Isabel},
year = {2012},
month = {01},
pages = {},
title = {Performance of an externally triggered gravitational-wave burst search},
volume = {86},
journal = {Phys. Rev. D},
doi = {10.1103/PhysRevD.86.022003}
}

@article{Kiziltan_2013,
	doi = {10.1088/0004-637x/778/1/66},
	url = {https://doi.org/10.1088%2F0004-637x%2F778%2F1%2F66},
	year = 2013,
	month = {nov},
	publisher = {{IOP} Publishing},
	volume = {778},
	number = {1},
	pages = {66},
	author = {Bülent Kiziltan and Athanasios Kottas and Maria De Yoreo and Stephen E. Thorsett},
	title = {{THE} {NEUTRON} {STAR} {MASS} {DISTRIBUTION}},
	journal = {The Astrophysical Journal},
}
@article{ozel,
author = {Özel, Feryal and Freire, Paulo},
title = {Masses, Radii, and the Equation of State of Neutron Stars},
journal = {Annual Review of Astronomy and Astrophysics},
volume = {54},
number = {1},
pages = {401-440},
year = {2016},
doi = {10.1146/annurev-astro-081915-023322},

URL = { 
        https://doi.org/10.1146/annurev-astro-081915-023322
    
},
eprint = { 
        https://doi.org/10.1146/annurev-astro-081915-023322
    
}
}

@article{Kalogera_1996,
	doi = {10.1086/310296},
	url = {https://doi.org/10.1086%2F310296},
	year = 1996,
	month = {oct},
	publisher = {{IOP} Publishing},
	volume = {470},
	number = {1},
	pages = {L61--L64},
	author = {Vassiliki Kalogera and Gordon Baym},
	title = {The Maximum Mass of a Neutron Star},
	journal = {The Astrophysical Journal},
	abstract = {Observational identification of black holes as members of binary systems requires the knowledge of the upper limit on the gravitational mass of a neutron star. We use modern equations of state for neutron star matter, fitted to experimental nucleon-nucleon scattering data and the properties of light nuclei, to calculate, within the framework of Rhoades & Ruffini (1974), the minimum upper limit on a neutron star mass. Regarding the equation of state as valid up to twice nuclear matter saturation density, ρnm, we obtain a secure upper bound on the neutron star mass equal to 2.9 M☉. We also find that in order to reach the lowest possible upper bound of 2.2 M☉, we need to understand the physical properties of neutron matter up to a density of ~4ρnm.}
}

%
% Note: Encoded in UTF-8! To use with TeX, adapt the encoding 
% (with tools 'recode' or 'iconv') or use the ucs package 
% (http://ctan.org/tex-archive/macros/latex/contrib/ucs)
%
  


